@inproceedings{hewitt1973session,
  title={Session 8 Formalisms for Artificial Intelligence A Universal Modular ACTOR Formalism for Artificial Intelligence},
  author={Hewitt, Carl and Bishop, Peter and Steiger, Richard},
  booktitle={Advance Papers of the Conference},
  volume={3},
  pages={235},
  year={1973},
  organization={Stanford Research Institute}
}

@INPROCEEDINGS{886427, 
author={A. Esposito and V. Loia}, 
booktitle={Systems, Man, and Cybernetics, 2000 IEEE International Conference on}, 
title={Integrating concurrency control and distributed data into workflow frameworks: an actor model perspective}, 
year={2000}, 
volume={3}, 
pages={2110-2114 vol.3}, 
keywords={concurrency control;distributed programming;functional programming;multi-agent systems;object-oriented programming;software architecture;workflow management software;actor foundry;actor model;actor-based workflow architecture;agent interaction;applications development;concurrency control;distributed artificial intelligence;distributed computing;distributed data;distributed heterogeneous environments;functional programming;intelligent agent collection;knowledge-based process coordination;multimedia;networking;object-oriented programming;parallel computing;processor power;software design methodologies;telecommunications;workflow frameworks;Artificial intelligence;Computer architecture;Concurrency control;Concurrent computing;Design methodology;Distributed computing;Functional programming;Message passing;Multimedia computing;Object oriented modeling}, 
doi={10.1109/ICSMC.2000.886427}, 
ISSN={1062-922X}, 
month={},}

@techreport{agha1985actors,
  title={Actors: A model of concurrent computation in distributed systems.},
  author={Agha, Gul A},
  year={1985},
  institution={DTIC Document}
}

@article{jordan2015feature,
  title={A feature model of actor, agent, functional, object, and procedural programming languages},
  author={Jordan, Howell and Botterweck, Goetz and Noll, John and Butterfield, Andrew and Collier, Rem},
  journal={Science of Computer Programming},
  volume={98},
  pages={120--139},
  year={2015},
  publisher={Elsevier}
}

@inproceedings{agha2014actors,
  title={Actors programming for the mobile cloud},
  author={Agha, Gul},
  booktitle={Parallel and Distributed Computing (ISPDC), 2014 IEEE 13th International Symposium on},
  pages={3--9},
  year={2014},
  organization={IEEE}
}

@book{haller2012actors,
  title={Actors in Scala},
  author={Haller, Philipp and Sommers, Frank},
  year={2012},
  publisher={Artima Incorporation}
}

@inproceedings{vecchiola2009high,
  title={High-performance cloud computing: A view of scientific applications},
  author={Vecchiola, Christian and Pandey, Suraj and Buyya, Rajkumar},
  booktitle={Pervasive Systems, Algorithms, and Networks (ISPAN), 2009 10th International Symposium on},
  pages={4--16},
  year={2009},
  organization={IEEE}
}

@inproceedings{esposito2000integrating,
  title={Integrating concurrency control and distributed data into workflow frameworks: an actor model perspective},
  author={Esposito, Antonio and Loia, Vincenzo},
  booktitle={Systems, Man, and Cybernetics, 2000 IEEE International Conference on},
  volume={3},
  pages={2110--2114},
  year={2000},
  organization={IEEE}
}

@misc{micr_concurency,
  author = {Microsoft},
  title = {Asynchronous Agents Library},
  howpublished = "\url{https://msdn.microsoft.com/en-us/library/dd492627.aspx}",
    note = {Accessed: 2017-03-20}
}

@misc{twitter_concurency,
  author = {Waiming Mok},
  title = {How Twitter Is Scaling},
  year = 2009,
  howpublished = "\url{https://waimingmok.wordpress.com/2009/06/27/how-twitter-is-scaling/}",
    note = {Accessed: 2017-03-20}
}

@misc{actor_wiki,
  author = {Wikipedia},
  title = {Actor Model},
  howpublished = "\url{https://en.wikipedia.org/wiki/Actor_model#Actor_libraries_and_frameworks}",
    note = {Accessed: 2017-03-20}
}

@misc{reactive,
  author = {Manuel Bernhardt},
  title = {Reactive Database Access – Part 1 – Why Async},
  year = 2015,
  howpublished = "\url{https://blog.jooq.org/2015/12/16/reactive-database-access-part-2-actors/}",
   note = {Accessed: 2017-03-20}
}

@techreport{akka,
     title = {Akka Scala Documentation},
     author = {Lightbend Inc},
     year = {2017},
     month = {02},
}
@misc{nit,
  title = {Nit Actor Model},
  howpublished = "\url{https://nitlanguage.org/doc/stdlib/group_actors.html}",
   note = {Accessed: 2017-03-20}
}

@misc{video_hewitt,
  title = {Hewitt, Meijer and Szyperski: The Actor Model},
  howpublished = "\url{https://www.youtube.com/watch?v=7erJ1DV_Tlo}",
   note = {Accessed: 2017-04-09}
}

@book{roestenburg2015akka,
  title={Akka in action},
  author={Roestenburg, Raymond and Bakker, Rob and Williams, Rob},
  year={2015},
  publisher={Manning Publications Co.}
}